<?xml version="1.0" encoding="utf-8"?>
<record xmlns="http://www.loc.gov/MARC21/slim" xmlns:xsi="http://www.w3.org/2001/XMLSchema-instance" xsi:schemaLocation="http://www.loc.gov/MARC21/slim http://www.loc.gov/standards/marcxml/schema/MARC21slim.xsd">
	<leader>     nam a22     Mi 4500</leader>
	<controlfield tag="001">b12771065</controlfield>
	<controlfield tag="003">LeBAU</controlfield>
	<controlfield tag="006">m        d        </controlfield>
	<controlfield tag="007">cr cn |||m|||a</controlfield>
	<controlfield tag="008">180604s1952    ua      o     ||0 0 ara d</controlfield>
	<datafield ind1=" " ind2=" " tag="040">
		<subfield code="a">ZYU</subfield>
		<subfield code="b">ara</subfield>
		<subfield code="e">rda</subfield>
		<subfield code="c">ZYU</subfield>
	</datafield>
	<datafield ind1="0" ind2="4" tag="082">
		<subfield code="a">956.9</subfield>
		<subfield code="2">22</subfield>
	</datafield>
	<datafield ind1="1" ind2=" " tag="100">
		<subfield code="6">880-01</subfield>
		<subfield code="a">Qarʼalī, Būlus,</subfield>
		<subfield code="d">-1952,</subfield>
		<subfield code="e">author.</subfield>
	</datafield>
	<datafield ind1="1" ind2="0" tag="245">
		<subfield code="6">880-02</subfield>
		<subfield code="a">Lubnān wa-al-Dawlah al-ʻUthmānīyah fī ‘ahd Fakhr al-Dīn al-Maʻnī al-thānī, 1590-1935 /</subfield>
		<subfield code="c">bi-qalam al-Khūr usquf Būlus Qar‘alī, mudīr al-Majallah al-Baṭrīyarkīyah wa-muḥarriruhā.</subfield>
	</datafield>
	<datafield ind1=" " ind2="1" tag="264">
		<subfield code="6">880-03</subfield>
		<subfield code="a">Miṣr al-Jadīdah :</subfield>
		<subfield code="b">Maṭba‘at Miṣr al-Jadīdah,</subfield>
		<subfield code="c">1952.</subfield>
	</datafield>
	<datafield ind1=" " ind2=" " tag="300">
		<subfield code="6">880-04</subfield>
		<subfield code="a">online resource (62 pages)</subfield>
	</datafield>
	<datafield ind1=" " ind2=" " tag="336">
		<subfield code="a">text</subfield>
		<subfield code="2">rdacontent</subfield>
	</datafield>
	<datafield ind1=" " ind2=" " tag="337">
		<subfield code="a">computer</subfield>
		<subfield code="2">rdamedia</subfield>
	</datafield>
	<datafield ind1=" " ind2=" " tag="338">
		<subfield code="a">online resource</subfield>
		<subfield code="2">rdacarrier</subfield>
	</datafield>
	<datafield ind1=" " ind2=" " tag="500">
		<subfield code="a">في رأس العنوان: المجلة البطريركية، السنة الثالثة عشرة، الجزء الثالث.</subfield>
	</datafield>
	<datafield ind1=" " ind2=" " tag="500">
		<subfield code="a">Part of the Arabic Collections Online (ACO) project, contributed by American University of Beirut's Jafet Memorial Library.</subfield>
	</datafield>
	<datafield ind1=" " ind2=" " tag="533">
		<subfield code="a">Electronic reproduction.</subfield>
		<subfield code="b">New York, N.Y. :</subfield>
		<subfield code="c">New York University,</subfield>
		<subfield code="d">2018.</subfield>
		<subfield code="5">NNU</subfield>
	</datafield>
	<datafield ind1="0" ind2="4" tag="600">
		<subfield code="a">فخر الدين</subfield>
		<subfield code="b">الثاني</subfield>
		<subfield code="c">امير لبنان،</subfield>
		<subfield code="d">1572-1635.</subfield>
	</datafield>
	<datafield ind1="0" ind2="0" tag="600">
		<subfield code="a">Fakhr al-Dīn</subfield>
		<subfield code="b">II,</subfield>
		<subfield code="c">Emir of Lebanon,</subfield>
		<subfield code="d">1572-1635.</subfield>
	</datafield>
	<datafield ind1=" " ind2="4" tag="651">
		<subfield code="a">لبنان</subfield>
		<subfield code="x">تاريخ</subfield>
		<subfield code="y">1516-1697.</subfield>
	</datafield>
	<datafield ind1=" " ind2="0" tag="651">
		<subfield code="a">Lebanon</subfield>
		<subfield code="x">History</subfield>
		<subfield code="y">1516-1697.</subfield>
	</datafield>
	<datafield ind1="2" ind2=" " tag="710">
		<subfield code="a">Jafet Memorial Library.</subfield>
	</datafield>
	<datafield ind1="0" ind2=" " tag="730">
		<subfield code="a">Arabic Collections Online.</subfield>
	</datafield>
	<datafield ind1="0" ind2="8" tag="776">
		<subfield code="i">Print version:</subfield>
		<subfield code="a">Qarʼalī, Būlus, -1952, author.</subfield>
		<subfield code="t">Lubnān wa-al-Dawlah al-ʻUthmānīyah fī ‘ahd Fakhr al-Dīn al-Maʻnī al-thānī, 1590-1935</subfield>
		<subfield code="w">(LeBAU)b12771065</subfield>
	</datafield>
	<datafield ind1="0" ind2=" " tag="777">
		<subfield code="6">880-05</subfield>
		<subfield code="i">has whole-part manifestation relationship with</subfield>
		<subfield code="4">http://rdaregistry.info/Elements/m/P30213:</subfield>
		<subfield code="t">al-Majallah al-Baṭriyarkīyah : majallah dīnīyah tārīkhīyah adabīyah.</subfield>
		<subfield code="d">Dimashq : Baṭriyarkīyat Anṭākiyah wa-Sāʾir al-Mashriq lil-Suryān al-Urthūdhuks, 1962-</subfield>
		<subfield code="w">(OCoLC)792755090</subfield>
		<subfield code="w">(OCoLC)792755090</subfield>
	</datafield>
	<datafield ind1="4" ind2="0" tag="856">
		<subfield code="u">http://hdl.handle.net/2333.1/p8cz93j8</subfield>
	</datafield>
	<datafield ind1="1" ind2=" " tag="880">
		<subfield code="6">100-01</subfield>
		<subfield code="a">قرألي، بولس</subfield>
		<subfield code="d">-1952،</subfield>
		<subfield code="e">مؤلف. </subfield>
		<subfield code="4">aut.</subfield>
	</datafield>
	<datafield ind1="1" ind2="0" tag="880">
		<subfield code="6">245-02</subfield>
		<subfield code="a">لبنان و الدولة العثمانية في عهد فخر الدين المعني الثاني، 1590-1935 /</subfield>
		<subfield code="c">بقلم الخور أسقف بولس قرألي، مدير المجلة البطريركية ومحررها.</subfield>
	</datafield>
	<datafield ind1=" " ind2="1" tag="880">
		<subfield code="6">264-03</subfield>
		<subfield code="a">مصر الجديدة :</subfield>
		<subfield code="b">مطبعة مصر الجديدة،</subfield>
		<subfield code="c">1952.</subfield>
	</datafield>
	<datafield ind1=" " ind2=" " tag="880">
		<subfield code="6">300-04</subfield>
		<subfield code="a">62 صفحة ؛</subfield>
		<subfield code="c">24 سم</subfield>
	</datafield>
	<datafield ind1="0" ind2=" " tag="880">
		<subfield code="6">777-05</subfield>
		<subfield code="i">علاقة جزء كل مع تجسيدة</subfield>
		<subfield code="4">http://rdaregistry.info/Elements/m/P30213:</subfield>
		<subfield code="t">المجلة البطريركية : مجلة دينية تاريخية أدبية.</subfield>
		<subfield code="d">دمشق : بطريركية أنطاكية وسائر المشرق للسريان الأرثوذكس، 1962-</subfield>
		<subfield code="w">b12819256</subfield>
		<subfield code="w">(OCoLC)792755090</subfield>
	</datafield>
	<datafield ind1=" " ind2=" " tag="959">
		<subfield code="a">NNU</subfield>
		<subfield code="b">WEB</subfield>
		<subfield code="c">GENI</subfield>
		<subfield code="t">0</subfield>
		<subfield code="m">Electronic access</subfield>
		<subfield code="s">01</subfield>
	</datafield>
	<datafield ind1=" " ind2=" " tag="999">
		<subfield code="i">LeBAU_b12771065</subfield>
		<subfield code="s">aub_aco001923</subfield>
		<subfield code="e">(ERROR-MISC)</subfield>
	</datafield>
</record>
